@book{mmds,
    author    = {J. Leskovec and A. Rajaraman and J. D. Ullman},
    title     = "Mining of Massive Datasets",
    year      = "2009",
    publisher = "Cambridge University Press",
    address   = "New York"
}

@misc{wiki_cf, title={Collaborative filtering}, url={https://en.wikipedia.org/wiki/Collaborative_filtering}, journal={Wikipedia}, publisher={Wikimedia Foundation}, year={2019}, month={Dec}}

@misc{mmds_org, title={Mining of Massive Datasets}, url={http://mmds.org/}, journal={Mining of Massive Datasets}}